<record><leader>00000cas a2200000 a 4500</leader><controlfield tag="001">34827620</controlfield><controlfield tag="008">960530d197u19uuilu x ne      0   a0eng c</controlfield><datafield ind1=" " ind2=" " tag="010"><subfield code="a">sn 96071013 </subfield></datafield><datafield ind1=" " ind2=" " tag="040"><subfield code="a">NVF</subfield><subfield code="b">eng</subfield><subfield code="c">NVF</subfield><subfield code="d">OCL</subfield><subfield code="d">OCLCQ</subfield><subfield code="d">OCLCF</subfield><subfield code="d">OCLCO</subfield><subfield code="d">NVF</subfield><subfield code="d">OCLCO</subfield><subfield code="d">OCL</subfield><subfield code="d">OCLCO</subfield></datafield><datafield ind1="1" ind2=" " tag="029"><subfield code="a">AU@</subfield><subfield code="b">000012525287</subfield></datafield><datafield ind1=" " ind2=" " tag="042"><subfield code="a">pcc</subfield></datafield><datafield ind1=" " ind2=" " tag="043"><subfield code="a">n-us-il</subfield></datafield><datafield ind1="0" ind2=" " tag="130"><subfield code="a">Spectrum (Champaign, Ill.)</subfield></datafield><datafield ind1="1" ind2="0" tag="245"><subfield code="a">Spectrum.</subfield></datafield><datafield ind1="1" ind2=" " tag="246"><subfield code="i">Published as:</subfield><subfield code="a">Champaign-Urbana spectrum</subfield><subfield code="f">May 2, 1977</subfield></datafield><datafield ind1="3" ind2=" " tag="246"><subfield code="a">Champaign Urbana spectrum</subfield></datafield><datafield ind1=" " ind2=" " tag="260"><subfield code="a">Champaign [Ill.] ;</subfield><subfield code="a">Urbana, Ill. :</subfield><subfield code="b">Clarence Davidson</subfield></datafield><datafield ind1=" " ind2=" " tag="300"><subfield code="a">volumes</subfield></datafield><datafield ind1=" " ind2=" " tag="310"><subfield code="a">Irregular</subfield></datafield><datafield ind1=" " ind2=" " tag="588"><subfield code="a">Description based on: Vol. 2, no. 1 (Jan., 1977).</subfield></datafield><datafield ind1=" " ind2=" " tag="588"><subfield code="a">Latest issue consulted: May 26, 1977.</subfield></datafield><datafield ind1=" " ind2="0" tag="650"><subfield code="a">African Americans</subfield><subfield code="z">Illinois</subfield><subfield code="z">Champaign</subfield><subfield code="v">Newspapers.</subfield></datafield><datafield ind1=" " ind2="0" tag="650"><subfield code="a">African Americans</subfield><subfield code="z">Illinois</subfield><subfield code="z">Urbana</subfield><subfield code="v">Newspapers.</subfield></datafield><datafield ind1=" " ind2="0" tag="650"><subfield code="a">African American newspapers</subfield><subfield code="z">Illinois</subfield><subfield code="z">Champaign.</subfield></datafield><datafield ind1=" " ind2="0" tag="650"><subfield code="a">African American newspapers</subfield><subfield code="z">Illinois</subfield><subfield code="z">Urbana.</subfield></datafield><datafield ind1=" " ind2="0" tag="651"><subfield code="a">Champaign (Ill.)</subfield><subfield code="v">Newspapers.</subfield></datafield><datafield ind1=" " ind2="0" tag="651"><subfield code="a">Urbana (Ill.)</subfield><subfield code="v">Newspapers.</subfield></datafield><datafield ind1=" " ind2="7" tag="650"><subfield code="a">African American newspapers.</subfield><subfield code="2">fast</subfield><subfield code="0">(OCoLC)fst00799278</subfield></datafield><datafield ind1=" " ind2="7" tag="650"><subfield code="a">African Americans.</subfield><subfield code="2">fast</subfield><subfield code="0">(OCoLC)fst00799558</subfield></datafield><datafield ind1=" " ind2="7" tag="651"><subfield code="a">Illinois</subfield><subfield code="z">Champaign.</subfield><subfield code="2">fast</subfield><subfield code="0">(OCoLC)fst01207150</subfield></datafield><datafield ind1=" " ind2="7" tag="651"><subfield code="a">Illinois</subfield><subfield code="z">Urbana.</subfield><subfield code="2">fast</subfield><subfield code="0">(OCoLC)fst01211927</subfield></datafield><datafield ind1=" " ind2="7" tag="655"><subfield code="a">Newspapers.</subfield><subfield code="2">fast</subfield><subfield code="0">(OCoLC)fst01423814</subfield></datafield><datafield ind1=" " ind2=" " tag="752"><subfield code="a">United States</subfield><subfield code="b">Illinois</subfield><subfield code="c">Champaign County</subfield><subfield code="d">Champaign.</subfield></datafield><datafield ind1=" " ind2=" " tag="752"><subfield code="a">United States</subfield><subfield code="b">Illinois</subfield><subfield code="c">Champaign County</subfield><subfield code="d">Urbana.</subfield></datafield></record>